% ------------------------------------------------------------------------
% ACTUAL BIBLIOGRAPHY
% ------------------------------------------------------------------------

@online{loopback,
	title = {LoopBack 3.x | LoopBack Documentation},
	year = 2018,
	url = {https://loopback.io/doc/en/lb3},
	urldate = {2018-02-12}
}

@online{mocha,
	title = {Mocha - the fun, simple, flexible JavaScript test framework},
	year = 2018,
	url = {https://mochajs.org},
	urldate = {2018-02-21}
}

@online{chai,
	title = {Chai Assertion Library},
	year = 2018,
	url = {http://chaijs.com},
	urldate = {2018-02-21}
}

@online{iso-25010,
	title = {ISO/IEC 25010:2011},
	year = 2011,
	url = {https://www.iso.org/obp/ui/#iso:std:iso-iec:25010:ed-1:v1:en},
	urldate = {2018-05-05}
}

@online{microservices,
	author = {Philipp Hauer},
	title = {Microservices in a Nutshell. Pros and Cons.},
	year = 2015,
	url = {https://blog.philipphauer.de/microservices-nutshell-pros-cons/},
	urldate = {2018-05-05}
}

@online{JS-microservices,
	author = {Jan Stenberg},
	title = {Experiences from Failing with Microservices},
	year = 2014,
	url = {https://www.infoq.com/news/2014/08/failing-microservices},
	urldate = {2018-04-28}
}

@online{IBM-3-tier,
	author = {IBM Knowledge Center},
	title = {Three-tier architectures},
	year = 2018,
	url = {https://www.ibm.com/support/knowledgecenter/en/SSAW57_8.5.5/com.ibm.websphere.nd.doc/ae/covr_3-tier.html},
	urldate = {2018-04-26}
}

@online{Uber,
	author = {Uber Technologies Inc.},
	title = {The Uber story},
	year = 2011,
	url = {https://www.uber.com/en-NL/our-story/},
	urldate = {2018-03-29}
}

@online{ISO-19125,
	author = {},
	title = {Geographic information -- Simple feature access -- Part 1: Common architecture},
	year = 2004,
	url = {https://www.iso.org/standard/40114.html},
	urldate = {2018-04-19}
}



Article
K. S. R. Sarthak Agarwal, “Analyzing the performance of NoSQL vs. SQL databases for Spatial and Aggregate queries,” International Institute of Information Technology Hyderabad Gachibowli, India, Sep. 2017.

“Geospatial Performance Improvements in MongoDB 3.2,” MongoDB. [Online]. Available: https://www.mongodb.com/blog/post/geospatial-performance-improvements-in-mongodb-3-2. [Accessed: 12-Feb-2018].

Stephan Schmid Eszter Galicz, “Performance investigation of selected SQL and NoSQL databases,” Bundeswehr University Munich, June 9-12, 2015.


C. T. Architecture, “Shneiderman’s mantra - Coding the Architecture.” [Online]. Available: http://www.codingthearchitecture.com/2015/01/08/shneidermans_mantra.html. [Accessed: 15-Feb-2018].


@article{SFA,
	author = {John R. Herring},
	title = {Implementation Standard for Geographic information - Simple feature access - Part 1: Common architecture},
	day = 28,
  month = {May},
	year = 2011,
	url = {http://portal.opengeospatial.org/files/?artifact_id=25355},
	urldate = {2018-02-17},
	version = {1.2.1},
}

@article{w3w,
	author = {Chris Sheldrick},
	title = {Efficient and future-proof},
	day = 27,
  month = {April},
	year = 2018,
	url = {https://what3words.com/2018/04/read-our-white-paper-efficient-and-future-proof/},
	urldate = {2018-05-12},
	version = {8.0.0},
}

@article{SFS,
	author = {John R. Herring},
	title = {Implementation Standard for Geographic information - Simple feature access - Part 2: SQL option},
	day = 04,
  month = {August},
	year = 2018,
	url = {http://portal.opengeospatial.org/files/?artifact_id=25354},
	urldate = {2018-02-07},
	version = {1.2.1},
}

@online{PostGIS,
	title = {PostGIS 2.4.5dev Manual},
	year = 2018,
	url = {https://postgis.net/docs/manual-2.4/using_postgis_dbmanagement.html#PostGIS_GeographyVSGeometry},
	urldate = {2018-03-06}
}

@online{MySQL,
	title = {MySQL 5.7 Reference Manual - Geometry Class},
	year = 2018,
	url = {https://dev.mysql.com/doc/refman/5.7/en/gis-class-geometry.html},
	urldate = {2018-04-12}
}

@online{MySQL-Spat,
	title = {MySQL 5.7 Reference Manual - Spatial Data Types},
	year = 2018,
	url = {https://dev.mysql.com/doc/refman/5.7/en/spatial-types.html},
	urldate = {2018-05-12}
}

@online{w3w-api,
	title = {what3words - RESTful API},
	year = 2016,
	url = {https://docs.what3words.com/api/v2/#autosuggest-params},
	urldate = {2018-05-12}
}

@book{rod-BSE,
	author = "Rod Stephens",
	title= "Beginning Software Engineering",
	publisher = "John Wiley \& Sons",
	year = 2015,
}

@book{CleanCode,
	author = "Robert C. Martin",
	title= "Clean Code",
	publisher = "Prentice Hall",
	year = 2008,
}
